% BibTeX database for the MSc_Thesis.tex

%%%%%%%%%%%%%%%%%%%%%%%%%%%%%%%%%%%%%%%%%%%%%%%%%%%%%%%%%%
% TEMPLATES
%%%%%%%%%%%%%%%%%%%%%%%%%%%%%%%%%%%%%%%%%%%%%%%%%%%%%%%%%%

%%%%% An article from a journal or magazine.
%
%article{
%  % Required fields:
%  author  = {},
%  title   = {},
%  journal = {},
%  year    = {},
%  % Optional fields:
%  volume  = {},
%  number  = {},
%  pages   = {},
%  month   = {},
%  note    = {}
%}
%
%%%%% A book with an explicit publisher.
%
%book{
%  % Required fields:
%  author    = {}, % or editor
%  editor    = {},
%  title     = {},
%  publisher = {},
%  year      = {},
%  % Optional fields:
%  volume    = {},
%  number    = {},
%  series    = {},
%  address   = {},
%  edition   = {},
%  month     = {},
%  note      = {}
%}
%
%%%%% A work that is printed and bound, but without a named publisher or sponsoring institution.
%
%booklet{
%  % Required field:
%  title        = {},
%  % Optional fields:
%  author       = {},
%  howpublished = {},
%  address      = {},
%  month        = {},
%  year         = {},
%  note         = {}
%}
%
%%%%% The same as INPROCEEDINGS}, included for Scribe compatibility.
%
%conference{
%}
%
%%%%% A part of a book, which may be a chapter (or section or whatever) and/or a range of pages.
%
%inbook{
%  % Required fields:
%  author    = {}, % or editor
%  editor    = {},
%  title     = {},
%  chapter   = {}, % and/or pages
%  pages     = {},
%  publisher = {},
%  year      = {},
%  % Optional fields:
%  volume    = {}, % or number
%  number    = {},
%  series    = {},
%  type      = {},
%  address   = {},
%  edition   = {},
%  month     = {},
%  note      = {}
%}
%
%%%%% A part of a book having its own title.
%
%incollection{
%  % Required fields:
%  author    = {},
%  title     = {},
%  booktitle = {},
%  publisher = {},
%  year      = {},
%  % Optional fields:
%  editor    = {},
%  volume    = {}, % or number
%  number    = {},
%  series    = {},
%  type      = {},
%  chapter   = {},
%  pages     = {},
%  address   = {},
%  edition   = {},
%  month     = {},
%  note      = {}
%}
%
%%%%% An article in a conference proceedings.
%
%inproceedings{
%  % Required fields:
%  author       = {},
%  title        = {},
%  booktitle    = {},
%  year         = {},
%  % Optional fields:
%  editor       = {},
%  volume       = {}, % or number
%  number       = {},
%  series       = {},
%  pages        = {},
%  address      = {},
%  month        = {},
%  organization = {},
%  publisher    = {},
%  note         = {}
%}
%
%%%%% Technical documentation.
%
%manual{
%  % Required field:
%  title        = {},
%  % Optional fields:
%  author       = {},
%  organization = {},
%  address      = {},
%  edition      = {},
%  month        = {},
%  year         = {},
%  note         = {}
%}
%
%%%%% A Master's thesis.
%
%mastersthesis{
%  % Required fields:
%  author  = {},
%  title   = {},
%  school  = {},
%  year    = {},
%  % Optional fields:
%  type    = {},
%  address = {},
%  month   = {},
%  note    = {}
%}
%
%%%%% Use this type when nothing else fits.
%
%misc{
%  % Required fields: none.
%  % Optional fields:
%  author       = {},
%  title        = {},
%  howpublished = {},
%  month        = {},
%  year         = {},
%  note         = {}
%}
%
%%%%% A PhD thesis.
%
%phdthesis{
%  % Required fields:
%  author  = {},
%  title   = {},
%  school  = {},
%  year    = {},
%  % Optional fields:
%  type    = {},
%  address = {},
%  month   = {},
%  note    = {}
%}
%
%%%%% The proceedings of a conference.
%
%proceedings{
%  % Required fields:
%  title        = {},
%  year         = {},
%  % Optional fields:
%  editor       = {},
%  volume       = {}, % or number
%  number       = {},
%  series       = {},
%  address      = {},
%  month        = {},
%  organization = {},
%  publisher    = {},
%  note         = {},
%}
%
%%%%% A report published by a school or other institution, usually numbered within a series.
%
%techreport{
%  % Required fields:
%  author      = {},
%  title       = {},
%  institution = {},
%  year        = {},
%  % Optional fields:
%  type        = {},
%  number      = {},
%  address     = {},
%  month       = {},
%  note        = {}
%}
%
%%%%% A document having an author and title, but not formally published.
%
%unpublished{
%  % Required fields:
%  author = {},
%  title  = {},
%  note   = {},
%  % Optional fields:
%  month  = {},
%  year   = {}
%}

%%%%%%%%%%%%%%%%%%%%%%%%%%%%%%%%%%%%%%%%%%%%%%%%%%%%%%%%%%
% References
%%%%%%%%%%%%%%%%%%%%%%%%%%%%%%%%%%%%%%%%%%%%%%%%%%%%%%%%%%

@article{mcgraw:mal_code,
	title={Attacking malicious code: A report to the Infosec Research Council},
	author={McGraw, Gary and Morrisett, Greg},
	journal={IEEE software},
	volume={17},
	number={5},
	pages={33--41},
	year={2000},
	publisher={IEEE}
}

@misc{av-test:report,
	title = {{AV-TEST Security Report 2015-2016}},
	howpublished = {\url{https://www.av-test.org/fileadmin/pdf/security\_report/AV-TEST\_Security\_Report\_2015-2016.pdf}},
	note = {Accessed: 2017-05-26}
}

@misc{mcafee:report,
	title = {{McAfee Labs Threats Report April 2017}},
	howpublished = {\url{https://www.mcafee.com/us/resources/reports/rp-quarterly-threats-mar-2017.pdf}},
	note = {Accessed: 2017-05-26}
}

@misc{symantec:report,
	title = {{Symantec} Internet Security Threat Report, Vol 22, April 2017},
	howpublished = {\url{https://www.symantec.com/content/dam/symantec/docs/reports/istr-22-2017-en.pdf}},
	note = {Accessed: 2017-05-26}
}

@inproceedings{gryaznov:scanners,
	title={Scanners of the year 2000: Heuristics},
	author={Gryaznov, Dmitry},
	booktitle={Proceedings of the 5th International Virus Bulletin},
	volume={113},
	year={1999}
}

@article{mitchell:ml,
	title={McGraw-Hill Science},
	author={Mitchell, Tom M and Learning, Machine},
	journal={Engineering/Math},
	volume={1},
	year={1997}
}

@article{samuel:studies,
	title={Some studies in machine learning using the game of checkers},
	author={Samuel, Arthur L},
	journal={IBM Journal of research and development},
	volume={3},
	number={3},
	pages={210--229},
	year={1959},
	publisher={IBM}
}

@inproceedings{rossow:practices,
	title={Prudent practices for designing malware experiments: Status quo and outlook},
	author={Rossow, Christian and Dietrich, Christian J and Grier, Chris and Kreibich, Christian and Paxson, Vern and Pohlmann, Norbert and Bos, Herbert and Van Steen, Maarten},
	booktitle={Security and Privacy (SP), 2012 IEEE Symposium on},
	pages={65--79},
	year={2012},
	organization={IEEE}
}

@article{norvig:ai,
	title={Ai a modern approach},
	author={Russell, Stuart and Norvig, Peter},
	journal={Learning},
	volume={2},
	number={3},
	pages={4},
	year={2005}
}

@article{shabtai:survey,
	title={Detection of malicious code by applying machine learning classifiers on static features: A state-of-the-art survey},
	author={Shabtai, Asaf and Moskovitch, Robert and Elovici, Yuval and Glezer, Chanan},
	journal={information security technical report},
	volume={14},
	number={1},
	pages={16--29},
	year={2009},
	publisher={Elsevier}
}

@inproceedings{schultz:data_mining,
	title={Data mining methods for detection of new malicious executables},
	author={Schultz, Matthew G and Eskin, Eleazar and Zadok, F and Stolfo, Salvatore J},
	booktitle={Security and Privacy, 2001. S\&P 2001. Proceedings. 2001 IEEE Symposium on},
	pages={38--49},
	year={2001},
	organization={IEEE}
}

@inproceedings{nissim:al_pdf,
	title={ALPD: Active learning framework for enhancing the detection of malicious PDF files},
	author={Nissim, Nir and Cohen, Aviad and Moskovitch, Robert and Shabtai, Assaf and Edry, Mattan and Bar-Ad, Oren and Elovici, Yuval},
	booktitle={Intelligence and Security Informatics Conference (JISIC), 2014 IEEE Joint},
	pages={91--98},
	year={2014},
	organization={IEEE}
}

@article{rieck:dynamic,
	title={Automatic analysis of malware behavior using machine learning},
	author={Rieck, Konrad and Trinius, Philipp and Willems, Carsten and Holz, Thorsten},
	journal={Journal of Computer Security},
	volume={19},
	number={4},
	pages={639--668},
	year={2011},
	publisher={IOS Press}
}

@incollection{miller:rev_int,
	title={Reviewer integration and performance measurement for malware detection},
	author={Miller, Brad and Kantchelian, Alex and Tschantz, Michael Carl and Afroz, Sadia and Bachwani, Rekha and Faizullabhoy, Riyaz and Huang, Ling and Shankar, Vaishaal and Wu, Tony and Yiu, George and others},
	booktitle={Detection of Intrusions and Malware, and Vulnerability Assessment},
	pages={122--141},
	year={2016},
	publisher={Springer}
}

@inproceedings{perdisci:behavior,
	title={Behavioral Clustering of HTTP-Based Malware and Signature Generation Using Malicious Network Traces.},
	author={Perdisci, Roberto and Lee, Wenke and Feamster, Nick},
	booktitle={NSDI},
	volume={10},
	pages={14},
	year={2010}
}

@misc{tool:celery,
	title = {{Celery, Distributed Task Queue}},
	howpublished = {\url{http://www.celeryproject.org/}},
	note = {Accessed: 2017-05-26}
}

@misc{tool:sklearn,
	title = {{scikit-learn, Machine Learning in Python}},
	howpublished = {\url{http://scikit-learn.org/stable/}},
	note = {Accessed: 2017-05-26}
}

@misc{tool:cuckoo,
	title = {{Cuckoo, Malware Analysis System}},
	howpublished = {\url{https://cuckoosandbox.org/}},
	note = {Accessed: 2017-05-26}
}

@misc{tool:malwr,
	title = {{Malwr, Free Malware Analysis Service}},
	howpublished = {\url{https://malwr.com/}},
	note = {Accessed: 2017-05-26}
}

@misc{tool:scrapy,
	title = {{Scrapy, Web Crawling Framework in Python}},
	howpublished = {\url{https://scrapy.org/}},
	note = {Accessed: 2017-05-26}
}

@misc{tool:pandas,
	title = {{Python Data Analysis Library}},
	howpublished = {\url{https://pandas.pydata.org/}},
	note = {Accessed: 2017-05-26}
}

@inproceedings{caro:naming,
	title={A new virus naming convention},
	author={Skulason, AS Fridrik and Bontchev, Vesselin},
	booktitle={CARO meeting},
	year={1991}
}

@article{scheidl:naming,
	title={Virus naming convention 1999 (vnc99)},
	author={Scheidl, Gerald and others},
	journal={Austria: Ikarus Software. Available by mail from: scheidl. g@ chello. at},
	year={1999}
}

@misc{mcafee:glossary,
	title = {{McAfee} Glossary},
	howpublished = {\url{https://home.mcafee.com/VirusInfo/Glossary.aspx}},
	note = {Accessed: 2017-05-26}
}

@book{elisan:malware,
	title={Malware, Rootkits \& Botnets A Beginner's Guide},
	author={Elisan, Christopher C},
	year={2012},
	publisher={McGraw Hill Professional}
}

@article{cohen:virus,
	title={Computer viruses: theory and experiments},
	author={Cohen, Fred},
	journal={Computers \& security},
	volume={6},
	number={1},
	pages={22--35},
	year={1987},
	publisher={Elsevier}
}

@article{kolter:learning,
	title={Learning to detect and classify malicious executables in the wild},
	author={Kolter, J Zico and Maloof, Marcus A},
	journal={Journal of Machine Learning Research},
	volume={7},
	number={Dec},
	pages={2721--2744},
	year={2006}
}

@article{chen:evolution,
	title={The evolution of viruses and worms},
	author={Chen, Thomas M and Robert, Jean-Marc},
	journal={Statistical methods in computer security},
	volume={1},
	year={2004},
	publisher={CRC Press}
}

@book{szor:art,
	title={The art of computer virus research and defense},
	author={Szor, Peter},
	year={2005},
	publisher={Pearson Education}
}

@misc{virus_bulletin,
	title = {{Virus Bulletin} Magazine of January 2002, p. 12-13},
	howpublished = {\url{https://www.virusbulletin.com/uploads/pdf/magazine/2002/200201.pdf}},
	note = {Accessed: 2017-05-26}
}

@misc{cc-by-nc-sa,
	title={{Creative Commons Attribution-NonCommercial-ShareAlike License}},
	version={3},
	shorthand={CC BY-NC-SA 3.0},
	organization={Creative Commons},
	howpublished={\url{https://creativecommons.org/licenses/by-nc-sa/3.0/}},
	note = {Accessed: 2017-05-26},
}

@inproceedings{christodorescu:semantics,
	title={Semantics-aware malware detection},
	author={Christodorescu, Mihai and Jha, Somesh and Seshia, Sanjit A and Song, Dawn and Bryant, Randal E},
	booktitle={Security and Privacy, 2005 IEEE Symposium on},
	pages={32--46},
	year={2005},
	organization={IEEE}
}

@inproceedings{schwenk2012autonomous,
	title={Autonomous learning for detection of javascript attacks: Vision or reality?},
	author={Schwenk, Guido and Bikadorov, Alexander and Krueger, Tammo and Rieck, Konrad},
	booktitle={Proceedings of the 5th ACM workshop on Security and artificial intelligence},
	pages={93--104},
	year={2012},
	organization={ACM}
}

@inproceedings{arp2014drebin,
	title={DREBIN: Effective and Explainable Detection of Android Malware in Your Pocket.},
	author={Arp, Daniel and Spreitzenbarth, Michael and Hubner, Malte and Gascon, Hugo and Rieck, Konrad and Siemens, CERT},
	booktitle={NDSS},
	year={2014}
}

@inproceedings{kolosnjaji2016deep,
	title={Deep Learning for Classification of Malware System Call Sequences},
	author={Kolosnjaji, Bojan and Zarras, Apostolis and Webster, George and Eckert, Claudia},
	booktitle={Australasian Joint Conference on Artificial Intelligence},
	pages={137--149},
	year={2016},
	organization={Springer}
}

@article{santos2013opcode,
	title={Opcode sequences as representation of executables for data-mining-based unknown malware detection},
	author={Santos, Igor and Brezo, Felix and Ugarte-Pedrero, Xabier and Bringas, Pablo G},
	journal={Information Sciences},
	volume={231},
	pages={64--82},
	year={2013},
	publisher={Elsevier}
}

@article{gandotra2014malware,
	title={Malware analysis and classification: A survey},
	author={Gandotra, Ekta and Bansal, Divya and Sofat, Sanjeev},
	journal={Journal of Information Security},
	volume={2014},
	year={2014},
	publisher={Scientific Research Publishing}
}

@misc{tool:virusshare,
	title = {{VirusShare - Repository of malware samples}},
	howpublished = {\url{https://virusshare.com/}},
	note = {Accessed: 2017-10-30}
}

@misc{tool:nsrl,
	title = {{National Software Reference Library}},
	howpublished = {\url{https://www.nist.gov/software-quality-group/national-software-reference-library-nsrl/}},
	note = {Accessed: 2017-10-30}
}

@book{friedman2001elements,
	title={The elements of statistical learning},
	author={Friedman, Jerome and Hastie, Trevor and Tibshirani, Robert},
	volume={1},
	year={2001},
	publisher={Springer series in statistics New York}
}

@misc{tool:jupyter,
	title = {{Jupyter - Interactive Python Notebook}},
	howpublished = {\url{http://jupyter.org/}},
	note = {Accessed: 2017-10-30}
}
